Moving target using dielectric waveguide
for radar-based pre-crash safety system
@INPROCEEDINGS{4297420,  author={Shinoda, Hiroyuki and Makino, Yasutoshi and Yamahira, Naoshi and Itai, Hiroto},  booktitle={2007 Fourth International Conference on Networked Sensing Systems},   title={Surface Sensor Network Using Inductive Signal Transmission Layer},   year={2007},  volume={},  number={},  pages={201-206},  doi={10.1109/INSS.2007.4297420}}
@article{Suzuki2013MovingTU,
  title={Moving target using dielectric waveguide for radar-based pre-crash safety systems},
  author={Hirosuke Suzuki and Kenji Saito},
  journal={2013 European Radar Conference},
  year={2013},
  pages={220-222}
}
@ARTICLE{privacy_protection_video_surveillance,  author={H. {Sohn} and W. {De Neve} and Y. M. {Ro}},  journal={IEEE Transactions on Circuits and Systems for Video Technology},   title={Privacy Protection in Video Surveillance Systems: Analysis of Subband-Adaptive Scrambling in JPEG XR},   year={2011},  volume={21},  number={2},  pages={170-177},  doi={10.1109/TCSVT.2011.2106250}}

@ARTICLE{6515173,  author={Rappaport, Theodore S. and Sun, Shu and Mayzus, Rimma and Zhao, Hang and Azar, Yaniv and Wang, Kevin and Wong, George N. and Schulz, Jocelyn K. and Samimi, Mathew and Gutierrez, Felix},  journal={IEEE Access},   title={Millimeter Wave Mobile Communications for 5G Cellular: It Will Work!},   year={2013},  volume={1},  number={},  pages={335-349},  doi={10.1109/ACCESS.2013.2260813}}
@article{pepper2013cisco,
  title={Cisco visual networking index (VNI) global mobile data traffic forecast update},
  author={Pepper, Robert},
  journal={Technical report, Cisco, Tech. Rep.},
  year={2013}
}

@article{visualizing-oral-fluid-droplets,
author = {Anfinrud, Philip and Stadnytskyi, Valentyn and Bax, Christina E. and Bax, Adriaan},
title = {Visualizing Speech-Generated Oral Fluid Droplets with Laser Light Scattering},
journal = {New England Journal of Medicine},
volume = {382},
number = {21},
pages = {2061-2063},
year = {2020},
doi = {10.1056/NEJMc2007800},

URL = { 
        https://www.nejm.org/doi/full/10.1056/NEJMc2007800
    
},
eprint = { 
        https://www.nejm.org/doi/pdf/10.1056/NEJMc2007800
    }
}

@ARTICLE{8668424,  author={Vosoogh, Abbas and Zirath, Herbert and He, Zhongxia Simon},  journal={IEEE Transactions on Terahertz Science and Technology},   title={Novel Air-Filled Waveguide Transmission Line Based on Multilayer Thin Metal Plates},   year={2019},  volume={9},  number={3},  pages={282-290},  doi={10.1109/TTHZ.2019.2905775}}

@ARTICLE{8736521,  author={Vosoogh, Abbas and Sharifi Sorkherizi, Milad and Vassilev, Vessen and Zaman, Ashraf Uz and He, Zhongxia Simon and Yang, Jian and Kishk, Ahmed A. and Zirath, Herbert},  journal={IEEE Transactions on Microwave Theory and Techniques},   title={Compact Integrated Full-Duplex Gap Waveguide-Based Radio Front End For Multi-Gbit/s Point-to-Point Backhaul Links at E-Band},   year={2019},  volume={67},  number={9},  pages={3783-3797},  doi={10.1109/TMTT.2019.2919539}}


@book{10.5555/2655347,
author = {Jin, Jianming},
title = {The Finite Element Method in Electromagnetics},
year = {2014},
isbn = {1118571363},
publisher = {Wiley-IEEE Press},
edition = {3rd},
abstract = {A new edition of the leading textbook on the finite element method, incorporating major advancements and further applications in the field of electromagneticsThe finite element method (FEM) is a powerful simulation technique used to solve boundary-value problems in a variety of engineering circumstances. It has been widely used for analysis of electromagnetic fields in antennas, radar scattering, RF and microwave engineering, high-speed/high-frequency circuits, wireless communication, electromagnetic compatibility, photonics, remote sensing, biomedical engineering, and space exploration.The Finite Element Method in Electromagnetics, Third Edition explains the methods processes and techniques in careful, meticulous prose and covers not only essential finite element method theory, but also its latest developments and applicationsgiving engineers a methodical way to quickly master this very powerful numerical technique for solving practical, often complicated, electromagnetic problems.Featuring over thirty percent new material, the third edition of this essential and comprehensive text now includes:A wider range of applications, including antennas, phased arrays, electric machines, high-frequency circuits, and crystal photonicsThe finite element analysis of wave propagation, scattering, and radiation in periodic structuresThe time-domain finite element method for analysis of wideband antennas and transient electromagnetic phenomenaNovel domain decomposition techniques for parallel computation and efficient simulation of large-scale problems, such as phased-array antennas and photonic crystalsAlong with a great many examples, The Finite Element Method in Electromagnetics is an ideal book for engineering students as well as for professionals in the field.}
}

@ARTICLE{9538996,  author={Jin, Cheng and Chen, Jianhong and Zhang, Binchao and Kong, Lingwen and An, Sining and He, Zhongxia Simon and Liu, Jinlin},  journal={IEEE Transactions on Antennas and Propagation},   title={Low-Cost mmWave Metallic Waveguide Based on Multilayer Integrated Vertical-EBG Structure and its Application to Slot Array Antenna Design},   year={2022},  volume={70},  number={3},  pages={2205-2213},  doi={10.1109/TAP.2021.3111523}}

@inbook{inbook,
author = {Meurer, Michael and Antreich, Felix},
year = {2017},
month = {05},
pages = {91-119},
title = {Springer Handbook of Global Navigation Satellite Systems - Signals and Modulation},
isbn = {978-3-319-42926-7},
doi = {10.1007/978-3-319-42928-1_4}
}

@INPROCEEDINGS{bending_antenna, 
  author={Kawai, Kunihiro and Takada, Takuma and Fukuda, Atsushi and Okazaki, Hiroshi and Narahashi, Shoichi}, 
  booktitle={2015 European Microwave Conference (EuMC)},
  title={A new area formation approach for millimeter wave communication systems employing a dielectric waveguide},
  year={2015},  volume={},  number={},  pages={1088-1091}, 
  doi={10.1109/EuMC.2015.7345957}}

@article{docomo_6G_white_paper,
  author          = {NTT DOCOMO, INC.},
  journal         = {},
  number          = {},
  title           = {DOCOMO 6G white paper},
  volume          = {},
  year            = {2014}
}

@INPROCEEDINGS{7444357,  author={Fukuda, Atsushi and Okazaki, Hiroshi and Narahashi, Shoichi},  booktitle={2016 IEEE Radio and Wireless Symposium (RWS)},   title={A novel beam control method and configuration for phased array antenna system employing frequency-upconverted local signals with phase difference},   year={2016},  volume={},  number={},  pages={36-38},  doi={10.1109/RWS.2016.7444357}}

@INPROCEEDINGS{9038647,  author={Shigeta, Yudai and Kitagawa, Keita and Sanada, Atsushi and Fukuda, Atsushi and Kawai, Kunihiro and Okazaki, Hiroshi},  booktitle={2019 IEEE Asia-Pacific Microwave Conference (APMC)},   title={A 28 GHz Interleaved Circular Antenna Array with Equal Gains and Wideband Orthogonality for Analog OAM Multiplexing},   year={2019},  volume={},  number={},  pages={1008-1010},  doi={10.1109/APMC46564.2019.9038647}}

@INPROCEEDINGS{7377934,  author={Fukuda, Atsushi and Okazaki, Hiroshi and Narahashi, Shoichi},  booktitle={2015 IEEE International Symposium on Radio-Frequency Integration Technology (RFIT)},   title={A phased array antenna system employing frequency-upconverted local signals with phase difference},   year={2015},  volume={},  number={},  pages={202-204},  doi={10.1109/RFIT.2015.7377934}}

@ARTICLE{8516345,  author={Fukuda, Atsushi and Okazaki, Hiroshi and Narahashi, Shoichi},  journal={IEEE Transactions on Microwave Theory and Techniques},   title={A Broadband Phased-Array Antenna System Employing Frequency-Upconverted Local Signals With Phase Difference},   year={2019},  volume={67},  number={1},  pages={383-391},  doi={10.1109/TMTT.2018.2875957}}

@ARTICLE{5784313,  author={Miura, Yohei and Hirokawa, Jiro and Ando, Makoto and Shibuya, Yuzo and Yoshida, Goro},  journal={IEEE Transactions on Antennas and Propagation},   title={Double-Layer Full-Corporate-Feed Hollow-Waveguide Slot Array Antenna in the 60-GHz Band},   year={2011},  volume={59},  number={8},  pages={2844-2851},  doi={10.1109/TAP.2011.2158784}}

@ARTICLE{7762807,  author={Vosoogh, Abbas and Kildal, Per-Simon and Vassilev, Vessen},  journal={IEEE Transactions on Antennas and Propagation},   title={Wideband and High-Gain Corporate-Fed Gap Waveguide Slot Array Antenna With ETSI Class II Radiation Pattern in $V$ -Band},   year={2017},  volume={65},  number={4},  pages={1823-1831},  doi={10.1109/TAP.2016.2634282}}

@ARTICLE{7296630,  author={Cao, Baolin and Wang, Hao and Huang, Yong},  journal={IEEE Antennas and Wireless Propagation Letters},   title={W-Band High-Gain TE$_{220}$-Mode Slot Antenna Array With Gap Waveguide Feeding Network},   year={2016},  volume={15},  number={},  pages={988-991},  doi={10.1109/LAWP.2015.2489721}}

@ARTICLE{7918508,  author={Sharifi Sorkherizi, Milad and Dadgarpour, Abdolmehdi and Kishk, Ahmed A.},  journal={IEEE Transactions on Antennas and Propagation},   title={Planar High-efficiency Antenna Array Using New Printed Ridge Gap Waveguide Technology},   year={2017},  volume={65},  number={7},  pages={3772-3776},  doi={10.1109/TAP.2017.2700885}}

@ARTICLE{4814705,  author={Ding, Yan and Wu, Ke},  journal={IEEE Antennas and Wireless Propagation Letters},   title={A 4  $\times$  4 Ridge Substrate Integrated Waveguide (RSIW) Slot Array Antenna},   year={2009},  volume={8},  number={},  pages={561-564},  doi={10.1109/LAWP.2009.2021006}}

@ARTICLE{8581479,  author={Liu, Jinlin and Vosoogh, Abbas and Zaman, Ashraf Uz and Yang, Jian},  journal={IEEE Transactions on Antennas and Propagation},   title={A Slot Array Antenna With Single-Layered Corporate-Feed Based on Ridge Gap Waveguide in the 60 GHz Band},   year={2019},  volume={67},  number={3},  pages={1650-1658},  doi={10.1109/TAP.2018.2888730}}

@ARTICLE{5439781,  author={Chen, Xiao-Ping and Wu, Ke and Han, Liang and He, Fanfan},  journal={IEEE Transactions on Antennas and Propagation},   title={Low-Cost High Gain Planar Antenna Array for 60-GHz Band Applications},   year={2010},  volume={58},  number={6},  pages={2126-2129},  doi={10.1109/TAP.2010.2046861}}

@ARTICLE{5608486,  author={Abdo, Yaser S. E. and Chaharmir, M. R. and Shaker, J. and Antar, Y. M. M.},  journal={IEEE Antennas and Wireless Propagation Letters},   title={Investigation of the Transition Between Two Different EBG Waveguides},   year={2010},  volume={9},  number={},  pages={1002-1005},  doi={10.1109/LAWP.2010.2089422}}

@ARTICLE{6157653,  author={Pucci, Elena and Rajo-Iglesias, Eva and Kildal, Per-Simon},  journal={IEEE Microwave and Wireless Components Letters},   title={New Microstrip Gap Waveguide on Mushroom-Type EBG for Packaging of Microwave Components},   year={2012},  volume={22},  number={3},  pages={129-131},  doi={10.1109/LMWC.2011.2182638}}

@ARTICLE{7931702,  author={Ebrahimpouri, Mahsa and Quevedo-Teruel, Oscar and Rajo-Iglesias, Eva},  journal={IEEE Microwave and Wireless Components Letters},   title={Design Guidelines for Gap Waveguide Technology Based on Glide-Symmetric Holey Structures},   year={2017},  volume={27},  number={6},  pages={542-544},  doi={10.1109/LMWC.2017.2701308}}

@ARTICLE{8359490,  author={Rajo-Iglesias, Eva and Ebrahimpouri, Mahsa and Quevedo-Teruel, Oscar},  journal={IEEE Microwave and Wireless Components Letters},   title={Wideband Phase Shifter in Groove Gap Waveguide Technology Implemented With Glide-Symmetric Holey EBG},   year={2018},  volume={28},  number={6},  pages={476-478},  doi={10.1109/LMWC.2018.2832013}}

@INPROCEEDINGS{leaky_wave_antenna_bent_dielectric,  author={Fukuda, Atsushi and Kawai, Kunihiro and Okazaki, Hiroshi and Suzuki, Yasunori},  booktitle={2020 IEEE International Symposium on Radio-Frequency Integration Technology (RFIT)},   title={Experimental Study of Leaky-wave Antenna Employing Bent Dielectric Waveguide for Millimeter Wave Communication},   year={2020},  volume={},  number={},  pages={199-201},  doi={10.1109/RFIT49453.2020.9226244}}

@INPROCEEDINGS{new_area_formation_approach,  author={Kawai, Kunihiro and Takada, Takuma and Fukuda, Atsushi and Okazaki, Hiroshi and Narahashi, Shoichi},  booktitle={2015 European Microwave Conference (EuMC)},   title={A new area formation approach for millimeter wave communication systems employing a dielectric waveguide},   year={2015},  volume={},  number={},  pages={1088-1091},  doi={10.1109/EuMC.2015.7345957}}

@ARTICLE{FEBI-MLFMM-UTD,  author={Tzoulis, A. and Eibert, T.F.},  journal={IEEE Transactions on Antennas and Propagation},   title={A hybrid FEBI-MLFMM-UTD method for numerical solutions of electromagnetic problems including arbitrarily shaped and electrically large objects},   year={2005},  volume={53},  number={10},  pages={3358-3366},  doi={10.1109/TAP.2005.856348}}

@INPROCEEDINGS{5398159,  author={Hirokawa, Jiro and Zhang, Miao and Ando, Makoto},  booktitle={SENSORS, 2009 IEEE},   title={94GHz fabrication of a slotted waveguide array antenna by diffusion bonding of laminated thin plates},   year={2009},  volume={},  number={},  pages={907-911},  doi={10.1109/ICSENS.2009.5398159}}

@ARTICLE{6990565,  author={Wu, Jie and Cheng, Yu Jian and Fan, Yong},  journal={IEEE Transactions on Antennas and Propagation},   title={A Wideband High-Gain High-Efficiency Hybrid Integrated Plate Array Antenna for V-Band Inter-Satellite Links},   year={2015},  volume={63},  number={4},  pages={1225-1233},  doi={10.1109/TAP.2014.2382664}}

@misc{https://doi.org/10.48550/arxiv.2001.05021,
  doi = {10.48550/ARXIV.2001.05021},
  
  url = {https://arxiv.org/abs/2001.05021},
  
  author = {Chen, Shanzhi and Sun, Shaohui and Xu, Guixian and Su, Xin and Cai, Yuemin},
  
  keywords = {Signal Processing (eess.SP), FOS: Electrical engineering, electronic engineering, information engineering, FOS: Electrical engineering, electronic engineering, information engineering},
  
  title = {Beam-space Multiplexing: Practice, Theory, and Trends-From 4G TD-LTE, 5G, to 6G and Beyond},
  
  publisher = {arXiv},
  
  year = {2020},
  
  copyright = {arXiv.org perpetual, non-exclusive license}
}

@ARTICLE{6840353,  author={Razavi, Seyed Ali and Kildal, Per-Simon and Xiang, Liangliang and Alfonso Alós, Esperanza and Chen, Haiguang},  journal={IEEE Transactions on Antennas and Propagation},   title={2$\times$ 2-Slot Element for 60-GHz Planar Array Antenna Realized on Two Doubled-Sided PCBs Using SIW Cavity and EBG-Type Soft Surface fed by Microstrip-Ridge Gap Waveguide},   year={2014},  volume={62},  number={9},  pages={4564-4573},  doi={10.1109/TAP.2014.2331993}}

@ARTICLE{5723725,  author={Zhang, Miao and Hirokawa, Jiro and Ando, Makoto},  journal={IEEE Transactions on Antennas and Propagation},   title={An E-Band Partially Corporate Feed Uniform Slot Array With Laminated Quasi Double-Layer Waveguide and Virtual PMC Terminations},   year={2011},  volume={59},  number={5},  pages={1521-1527},  doi={10.1109/TAP.2011.2122301}}

@ARTICLE{1125964,  author={Kurokawa, K.},  journal={IEEE Transactions on Microwave Theory and Techniques},   title={Power Waves and the Scattering Matrix},   year={1965},  volume={13},  number={2},  pages={194-202},  doi={10.1109/TMTT.1965.1125964}}

@INPROCEEDINGS{1017016,  author={Ki Young Kim and Jong Ryul Sohn and Hyun Ju Seo and Jin-Won Han and Heung-Sik Tae and Jeong-Hae Lee},  booktitle={IEEE Antennas and Propagation Society International Symposium (IEEE Cat. No.02CH37313)},   title={Radiation characteristics of flexible circular dielectric waveguides in Q-band},   year={2002},  volume={4},  number={},  pages={440-443 vol.4},  doi={10.1109/APS.2002.1017016}}
